<?xml version="1.0" encoding="UTF-8"?><record xmlns="http://www.loc.gov/MARC21/slim" xmlns:cinclude="http://apache.org/cocoon/include/1.0" xmlns:zs="http://www.loc.gov/zing/srw/">
  <leader>00554cz  a2200145n  4500</leader>
  <controlfield tag="001">no 99013349 </controlfield>
  <controlfield tag="003">DLC</controlfield>
  <controlfield tag="005">20070815075222.0</controlfield>
  <controlfield tag="008">990225n| acannaabn          |a ana      </controlfield>
  <datafield tag="010" ind1=" " ind2=" ">
    <subfield code="a">no 99013349 </subfield>
  </datafield>
  <datafield tag="035" ind1=" " ind2=" ">
    <subfield code="a">(OCoLC)oca04928968</subfield>
  </datafield>
  <datafield tag="040" ind1=" " ind2=" ">
    <subfield code="a">DNAL</subfield>
    <subfield code="b">eng</subfield>
    <subfield code="c">DNAL</subfield>
    <subfield code="d">IEN</subfield>
  </datafield>
  <datafield tag="110" ind1="2" ind2=" ">
    <subfield code="a">Sverdlovskiĭ oblastnoĭ komitet po okhrane prirody</subfield>
  </datafield>
  <datafield tag="410" ind1="1" ind2=" ">
    <subfield code="a">Sverdlovskai︠a︡ oblastʹ (Russia).</subfield>
    <subfield code="b">Sverdlovskiĭ oblastnoĭ komitet po okhrane prirody</subfield>
  </datafield>
  <datafield tag="670" ind1=" " ind2=" ">
    <subfield code="a">Krasnai︠a︡ kniga Srednego Urala, 1996:</subfield>
    <subfield code="b">prelim. (Sverdlovskiĭ oblastnoĭ komitet po okhrane prirody)</subfield>
  </datafield>
</record>